<?xml version="1.0" encoding="UTF-8"?><collection xmlns="http://www.loc.gov/MARC21/slim"><record><leader>00465nam--2200169-i-4500</leader><controlfield tag="001">000005559</controlfield><controlfield tag="002">20161230</controlfield><controlfield tag="005">20161230201026</controlfield><controlfield tag="008">060222s1000------------r-----000-0-eng-d</controlfield><datafield ind1=" " ind2=" " tag="040"><subfield code="a">IFIN-HH</subfield></datafield><datafield ind1=" " ind2=" " tag="080"><subfield code="a">534.01</subfield></datafield><datafield ind1="1" ind2=" " tag="100"><subfield code="a">Bickley, W. G</subfield></datafield><datafield ind1="1" ind2="0" tag="245"><subfield code="a">An introduction to the theory vibrating systems</subfield><subfield code="c">W.g. bickely, a. talbot</subfield></datafield><datafield ind1=" " ind2=" " tag="260"><subfield code="a">Oxford, Clarendon Press, 1961. Xiv + 238 P</subfield></datafield><datafield ind1="1" ind2=" " tag="700"><subfield code="a">Talbot, A</subfield></datafield><datafield ind1=" " ind2=" " tag="852"><subfield code="a">16353</subfield><subfield code="c">534</subfield></datafield><datafield ind1=" " ind2=" " tag="CAT"><subfield code="a">Sys</subfield><subfield code="c">20101007</subfield><subfield code="h">092856</subfield></datafield></record></collection>